<record xmlns="http://www.loc.gov/MARC21/slim" xmlns:xsi="http://www.w3.org/2001/XMLSchema-instance" xsi:schemaLocation="http://www.loc.gov/MARC21/slim http://www.loc.gov/standards/marcxml/schema/MARC21slim.xsd"><leader>00627nz   2200157n  4500</leader><controlfield tag="001">oca03851929 </controlfield><controlfield tag="005">19950607052542.5</controlfield><controlfield tag="008">950503n| acannaab|          |a aaa     c</controlfield><datafield ind1=" " ind2=" " tag="010"><subfield code="a">nr 95016540 </subfield></datafield><datafield ind1=" " ind2=" " tag="040"><subfield code="a">NNC</subfield><subfield code="c">NNC</subfield></datafield><datafield ind1="0" ind2=" " tag="100"><subfield code="a">Laevius</subfield></datafield><datafield ind1="1" ind2=" " tag="400"><subfield code="a">Laevius, Melissus</subfield></datafield><datafield ind1=" " ind2=" " tag="670"><subfield code="a">The works of Laevius [CF] 1991:</subfield><subfield code="b">PHI CD ROM #5.3, Latin canon, bibliog   raphic screen (Laevius)</subfield></datafield><datafield ind1=" " ind2=" " tag="670"><subfield code="a">Oxford class. dict., 1st ed.:</subfield><subfield code="b">p. 478 (Laevius, Melissus; poet, 1st cent. B.C.?)</subfield></datafield><datafield ind1=" " ind2=" " tag="670"><subfield code="a">Pauly-Wissowa:</subfield><subfield code="b">23. Halbbd., col. 452-454 "Laevius", #3 (Laevius, poet, whose period is not definite)</subfield></datafield><datafield ind1=" " ind2=" " tag="670"><subfield code="a">NUC pre-56:</subfield><subfield code="b">v. 311, p. 187 (Laevius)</subfield></datafield></record>